@inproceedings{baxter,
author = {Baxter, Ira D. and Yahin, Andrew and Moura, Leonardo and Sant'Anna, Marcelo and Bier, Lorraine},
title = {Clone Detection Using Abstract Syntax Trees},
booktitle = {Proceedings of the International Conference on Software Maintenance},
series = {ICSM '98},
year = {1998},
isbn = {0-8186-8779-7},
pages = {368--},
url = {http://dl.acm.org/citation.cfm?id=850947.853341},
acmid = {853341},
publisher = {IEEE Computer Society},
address = {Washington, DC, USA},
keywords = {Software maintenance, clone detection, software evaluation, Design Maintenance System},
}

@inproceedings{baker,
author = {Baker, B. S.},
title = {On Finding Duplication and Near-duplication in Large Software Systems},
booktitle = {Proceedings of the Second Working Conference on Reverse Engineering},
series = {WCRE '95},
year = {1995},
isbn = {0-8186-7111-4},
pages = {86--},
url = {http://dl.acm.org/citation.cfm?id=832303.836911},
acmid = {836911},
publisher = {IEEE Computer Society},
address = {Washington, DC, USA},
keywords = {constants, debugging, dup, experimental results, large software systems, program debugging, redocumentation, software duplication, software tools, system documentation, system reengineering, systematic substitution, systems analysis, systems re-engineering, variable names},
} 

@InProceedings{koschke,
author =	{Rainer Koschke},
title =	{Survey of Research on Software Clones},
booktitle =	{Duplication, Redundancy, and Similarity in Software},
year =	{2007},
editor =	{Rainer Koschke and Ettore Merlo and Andrew Walenstein},
number =	{06301},
series =	{Dagstuhl Seminar Proceedings},
ISSN =	{1862-4405},
publisher =	{Internationales Begegnungs- und Forschungszentrum f{\"u}r Informatik (IBFI), Schloss Dagstuhl, Germany},
address =	{Dagstuhl, Germany},
URL =		{http://drops.dagstuhl.de/opus/volltexte/2007/962},
annote =	{Keywords: Software redundancy, code clone, software evolution, clone detector, empirical evaluation}
}

@inproceedings{krinke,
author = {Krinke, Jens},
title = {Identifying Similar Code with Program Dependence Graphs},
booktitle = {Proceedings of the Eighth Working Conference on Reverse Engineering (WCRE'01)},
series = {WCRE '01},
year = {2001},
isbn = {0-7695-1303-4},
pages = {301--},
url = {http://dl.acm.org/citation.cfm?id=832308.837142},
acmid = {837142},
publisher = {IEEE Computer Society},
address = {Washington, DC, USA},
} 

@InProceedings{merlo,
author =	{Ettore Merlo},
title =	{Detection of Plagiarism in University Projects Using Metrics-based Spectral Similarity},
booktitle =	{Duplication, Redundancy, and Similarity in Software},
year =	{2007},
editor =	{Rainer Koschke and Ettore Merlo and Andrew Walenstein},
number =	{06301},
series =	{Dagstuhl Seminar Proceedings},
ISSN =	{1862-4405},
publisher =	{Internationales Begegnungs- und Forschungszentrum f{\"u}r Informatik (IBFI), Schloss Dagstuhl, Germany},
address =	{Dagstuhl, Germany},
URL =		{http://drops.dagstuhl.de/opus/volltexte/2007/986},
annote =	{Keywords: Plagiarism detection, software comparison, clone detection, spectral analysis, code metrics}
}

@ARTICLE{bruijn,
    author = {N. G. De Bruijn},
    title = {Lambda calculus notation with nameless dummies, a tool for automatic formula manipulation, with application to the Church-Rosser Theorem},
    journal = {INDAG. MATH},
    year = {1972},
    volume = {34},
    pages = {381--392}
}


@inproceedings{shen2015statistical,
  title={Statistical characterization of business-critical workloads hosted in cloud datacenters},
  author={Shen, Siqi and Van Beek, Vincent and Iosup, Alexandru},
  booktitle={2015 15th IEEE/ACM International Symposium on Cluster, Cloud and Grid Computing},
  pages={465--474},
  year={2015},
  organization={IEEE}
}
@inproceedings{chen2011overview,
  title={Overview and analysis of cloud computing research and application},
  author={Chen, Yizeng and Li, Xingui and Chen, Fangning},
  booktitle={2011 International Conference on E-Business and E-Government (ICEE)},
  pages={1--4},
  year={2011},
  organization={IEEE}
}
@article{lechner2020learning,
  title={Learning long-term dependencies in irregularly-sampled time series},
  author={Lechner, Mathias and Hasani, Ramin},
  journal={Advances in Neural Information Processing Systems},
  volume={33},
  year={2020}
}
@inproceedings{yadav2016priority,
  title={Priority based task scheduling by mapping conflict-free resources and Optimized workload utilization in cloud computing},
  author={Yadav, Anagha and Rathod, SB},
  booktitle={2016 International Conference on computing communication control and automation (ICCUBEA)},
  pages={1--6},
  year={2016},
  organization={IEEE}
}
@inproceedings{alam2017reliability,
  title={A reliability-based resource allocation approach for cloud computing},
  author={Alam, ABM Bodrul and Zulkernine, Mohammad and Haque, Anwar},
  booktitle={2017 IEEE 7th International Symposium on Cloud and Service Computing (SC2)},
  pages={249--252},
  year={2017},
  organization={IEEE}
}
@inproceedings{duggan2017predicting,
  title={Predicting host CPU utilization in cloud computing using recurrent neural networks},
  author={Duggan, Martin and Mason, Karl and Duggan, Jim and Howley, Enda and Barrett, Enda},
  booktitle={2017 12th International Conference for Internet Technology and Secured Transactions (ICITST)},
  pages={67--72},
  year={2017},
  organization={IEEE}
}
@article{zharikov2020adaptive,
  title={Adaptive workload forecasting in cloud data centers},
  author={Zharikov, Eduard and Telenyk, Sergii and Bidyuk, Petro},
  journal={Journal of Grid Computing},
  volume={18},
  number={1},
  pages={149--168},
  year={2020},
  publisher={Springer}
}
@article{kumar2018workload,
  title={Workload prediction in cloud using artificial neural network and adaptive differential evolution},
  author={Kumar, Jitendra and Singh, Ashutosh Kumar},
  journal={Future Generation Computer Systems},
  volume={81},
  pages={41--52},
  year={2018},
  publisher={Elsevier}
}
@article{dinda2000host,
  title={Host load prediction using linear models},
  author={Dinda, Peter A and O'Hallaron, David R},
  journal={Cluster Computing},
  volume={3},
  number={4},
  pages={265--280},
  year={2000},
  publisher={Springer}
}
@article{singh2019tasm,
  title={Tasm: technocrat arima and svr model for workload prediction of web applications in cloud},
  author={Singh, Parminder and Gupta, Pooja and Jyoti, Kiran},
  journal={Cluster Computing},
  volume={22},
  number={2},
  pages={619--633},
  year={2019},
  publisher={Springer}
}
lisher={Citeseer}
}
@article{vazquez2015time,
  title={Time Series Forecasting of Cloud Data Center Workloads for Dynamic Resource Provisioning.},
  author={Vazquez, Carlos and Krishnan, Ram and John, Eugene},
  journal={J. Wirel. Mob. Networks Ubiquitous Comput. Dependable Appl.},
  volume={6},
  number={3},
  pages={87--110},
  year={2015},
  publisher={Citeseer}
}
@article{zhu2019novel,
  title={A novel approach to workload prediction using attention-based LSTM encoder-decoder network in cloud environment},
  author={Zhu, Yonghua and Zhang, Weilin and Chen, Yihai and Gao, Honghao},
  journal={EURASIP Journal on Wireless Communications and Networking},
  volume={2019},
  number={1},
  pages={1--18},
  year={2019},
  publisher={Springer}
}
@inproceedings{gupta2017resource,
  title={Resource usage prediction of cloud workloads using deep bidirectional long short term memory networks},
  author={Gupta, Shaifu and Dinesh, Dileep Aroor},
  booktitle={2017 IEEE International Conference on Advanced Networks and Telecommunications Systems (ANTS)},
  pages={1--6},
  year={2017},
  organization={IEEE}
}
@article{ouhame2021efficient,
  title={An efficient forecasting approach for resource utilization in cloud data center using CNN-LSTM model},
  author={Ouhame, Soukaina and Hadi, Youssef and Ullah, Arif},
  journal={Neural Computing and Applications},
  pages={1--13},
  year={2021},
  publisher={Springer}
}
@article{shen2020host,
  title={Host Load Prediction with Bi-directional Long Short-Term Memory in Cloud Computing},
  author={Shen, Hengheng and Hong, Xuehai},
  journal={arXiv preprint arXiv:2007.15582},
  year={2020}
}
@inproceedings{verma2015large,
  title={Large-scale cluster management at Google with Borg},
  author={Verma, Abhishek and Pedrosa, Luis and Korupolu, Madhukar and Oppenheimer, David and Tune, Eric and Wilkes, John},
  booktitle={Proceedings of the Tenth European Conference on Computer Systems},
  pages={1--17},
  year={2015}
}
@inproceedings{janardhanan2017cpu,
  title={CPU workload forecasting of machines in data centers using LSTM recurrent neural networks and ARIMA models},
  author={Janardhanan, Deepak and Barrett, Enda},
  booktitle={2017 12th International Conference for Internet Technology and Secured Transactions (ICITST)},
  pages={55--60},
  year={2017},
  organization={IEEE}
}
@article{rao2008course,
  title={A course in time series analysis},
  author={Rao, Suhasini Subba},
  journal={Technical Report, Texas A\&M University},
  year={2008}
}
@inproceedings{sundermeyer2012lstm,
  title={LSTM neural networks for language modeling},
  author={Sundermeyer, Martin and Schl{\"u}ter, Ralf and Ney, Hermann},
  booktitle={Thirteenth annual conference of the international speech communication association},
  year={2012}
}
@article{cheung1995lag,
  title={Lag order and critical values of the augmented Dickey--Fuller test},
  author={Cheung, Yin-Wong and Lai, Kon S},
  journal={Journal of Business \& Economic Statistics},
  volume={13},
  number={3},
  pages={277--280},
  year={1995},
  publisher={Taylor \& Francis Group}
}
@inproceedings{guan2019predicting,
  title={Predicting Sick Patient Volume in a Pediatric Outpatient Setting using Time Series Analysis},
  author={Guan, Grace and Engelhardt, Barbara E},
  booktitle={Machine Learning for Healthcare Conference},
  pages={271--287},
  year={2019},
  organization={PMLR}
}
@article{calheiros2014workload,
  title={Workload prediction using ARIMA model and its impact on cloud applications’ QoS},
  author={Calheiros, Rodrigo N and Masoumi, Enayat and Ranjan, Rajiv and Buyya, Rajkumar},
  journal={IEEE transactions on cloud computing},
  volume={3},
  number={4},
  pages={449--458},
  year={2014},
  publisher={IEEE}
}
@inproceedings{idioms,
 author = {Allamanis, Miltiadis and Sutton, Charles},
 title = {Mining Idioms from Source Code},
 booktitle = {Proceedings of the 22Nd ACM SIGSOFT International Symposium on Foundations of Software Engineering},
 series = {FSE 2014},
 year = {2014},
 isbn = {978-1-4503-3056-5},
 location = {Hong Kong, China},
 pages = {472--483},
 numpages = {12},
 url = {http://doi.acm.org/10.1145/2635868.2635901},
 doi = {10.1145/2635868.2635901},
 acmid = {2635901},
 publisher = {ACM},
 address = {New York, NY, USA},
 keywords = {code idioms, naturalness of source code, syntactic code patterns},
} 
